<record><leader>00000cas a22000007a 4500</leader><controlfield tag="001">17636299</controlfield><controlfield tag="008">880316c18959999lauwr ne      0    0eng d</controlfield><datafield ind1=" " ind2=" " tag="010"><subfield code="a">sn 88064276 </subfield></datafield><datafield ind1=" " ind2=" " tag="040"><subfield code="a">LNP</subfield><subfield code="b">eng</subfield><subfield code="c">LNP</subfield><subfield code="d">OCLCQ</subfield><subfield code="d">DLC</subfield><subfield code="d">OCLCF</subfield><subfield code="d">OCLCO</subfield><subfield code="d">OCLCQ</subfield></datafield><datafield ind1="0" ind2=" " tag="041"><subfield code="a">eng</subfield><subfield code="a">fre</subfield></datafield><datafield ind1=" " ind2=" " tag="042"><subfield code="a">msc</subfield></datafield><datafield ind1=" " ind2=" " tag="043"><subfield code="a">n-us-la</subfield></datafield><datafield ind1="0" ind2="4" tag="245"><subfield code="a">The Assumption pioneer.</subfield></datafield><datafield ind1="3" ind2="0" tag="246"><subfield code="a">Pionnier de l'Assomption</subfield></datafield><datafield ind1=" " ind2=" " tag="260"><subfield code="a">Napoleonville, La. :</subfield><subfield code="b">Mrs. S. Dupaty</subfield></datafield><datafield ind1=" " ind2=" " tag="310"><subfield code="a">Weekly</subfield></datafield><datafield ind1=" " ind2=" " tag="336"><subfield code="a">text</subfield><subfield code="b">txt</subfield><subfield code="2">rdacontent</subfield></datafield><datafield ind1=" " ind2=" " tag="337"><subfield code="a">unmediated</subfield><subfield code="b">n</subfield><subfield code="2">rdamedia</subfield></datafield><datafield ind1="0" ind2=" " tag="362"><subfield code="a">Vol. 37, no. 40 (Mar. 23, 1895)-</subfield></datafield><datafield ind1=" " ind2=" " tag="500"><subfield code="a">Published with an additional masthead in French: Le pionnier de l'Assomption, Mar. 23, 1895-Apr. 26, 1902.</subfield></datafield><datafield ind1=" " ind2=" " tag="525"><subfield code="a">Has occasional supplements: South Louisiana State Fair herald.</subfield></datafield><datafield ind1=" " ind2=" " tag="546"><subfield code="a">In English and French, Mar. 23, 1895-&lt;May 10, 1902&gt;.</subfield></datafield><datafield ind1=" " ind2="0" tag="651"><subfield code="a">Napoleonville (La.)</subfield><subfield code="v">Newspapers.</subfield></datafield><datafield ind1=" " ind2="7" tag="651"><subfield code="a">Louisiana</subfield><subfield code="z">Napoleonville.</subfield><subfield code="2">fast</subfield><subfield code="0">(OCoLC)fst01230385</subfield></datafield><datafield ind1=" " ind2="7" tag="655"><subfield code="a">Newspapers.</subfield><subfield code="2">fast</subfield><subfield code="0">(OCoLC)fst01423814</subfield></datafield><datafield ind1=" " ind2=" " tag="752"><subfield code="a">United States</subfield><subfield code="b">Louisiana</subfield><subfield code="c">Assumption</subfield><subfield code="d">Napoleonville.</subfield></datafield><datafield ind1="0" ind2="0" tag="780"><subfield code="t">Pioneer of Assumption</subfield><subfield code="x">2332-5445</subfield><subfield code="w">(DLC)sn 88064275</subfield><subfield code="w">(OCoLC)17970154</subfield></datafield><datafield ind1="1" ind2=" " tag="029"><subfield code="a">AU@</subfield><subfield code="b">000025966948</subfield></datafield></record>